%YAML 1.1
%TAG !u! tag:unity3d.com,2011:
--- !u!1 &1812520536310750593
GameObject:
  m_ObjectHideFlags: 0
  m_CorrespondingSourceObject: {fileID: 0}
  m_PrefabInstance: {fileID: 0}
  m_PrefabAsset: {fileID: 0}
  serializedVersion: 6
  m_Component:
  - component: {fileID: 1812520536310317473}
  m_Layer: 0
  m_Name: mixamorig:Head
  m_TagString: Untagged
  m_Icon: {fileID: 0}
  m_NavMeshLayer: 0
  m_StaticEditorFlags: 0
  m_IsActive: 1
--- !u!4 &1812520536310317473
Transform:
  m_ObjectHideFlags: 0
  m_CorrespondingSourceObject: {fileID: 0}
  m_PrefabInstance: {fileID: 0}
  m_PrefabAsset: {fileID: 0}
  m_GameObject: {fileID: 1812520536310750593}
  m_LocalRotation: {x: -0.16646479, y: -0.09401818, z: -0.006111351, w: 0.9815359}
  m_LocalPosition: {x: -0, y: 1.2289892, z: 0.025232766}
  m_LocalScale: {x: 1, y: 1, z: 1}
  m_Children:
  - {fileID: 1812520536310317475}
  m_Father: {fileID: 1812520536310317441}
  m_RootOrder: 0
  m_LocalEulerAnglesHint: {x: -19.143305, y: -11.140431, z: 1.1708924}
--- !u!1 &1812520536310750595
GameObject:
  m_ObjectHideFlags: 0
  m_CorrespondingSourceObject: {fileID: 0}
  m_PrefabInstance: {fileID: 0}
  m_PrefabAsset: {fileID: 0}
  serializedVersion: 6
  m_Component:
  - component: {fileID: 1812520536310317475}
  m_Layer: 0
  m_Name: mixamorig:HeadTop_End
  m_TagString: Untagged
  m_Icon: {fileID: 0}
  m_NavMeshLayer: 0
  m_StaticEditorFlags: 0
  m_IsActive: 1
--- !u!4 &1812520536310317475
Transform:
  m_ObjectHideFlags: 0
  m_CorrespondingSourceObject: {fileID: 0}
  m_PrefabInstance: {fileID: 0}
  m_PrefabAsset: {fileID: 0}
  m_GameObject: {fileID: 1812520536310750595}
  m_LocalRotation: {x: 0, y: -0, z: -0, w: 1}
  m_LocalPosition: {x: -0, y: 2.001466, z: 0.041092724}
  m_LocalScale: {x: 1, y: 1, z: 1}
  m_Children: []
  m_Father: {fileID: 1812520536310317473}
  m_RootOrder: 0
  m_LocalEulerAnglesHint: {x: 0, y: 0, z: 0}
--- !u!1 &1812520536310750609
GameObject:
  m_ObjectHideFlags: 0
  m_CorrespondingSourceObject: {fileID: 0}
  m_PrefabInstance: {fileID: 0}
  m_PrefabAsset: {fileID: 0}
  serializedVersion: 6
  m_Component:
  - component: {fileID: 1812520536310317489}
  m_Layer: 0
  m_Name: mixamorig:LeftHandIndex2
  m_TagString: Untagged
  m_Icon: {fileID: 0}
  m_NavMeshLayer: 0
  m_StaticEditorFlags: 0
  m_IsActive: 1
--- !u!4 &1812520536310317489
Transform:
  m_ObjectHideFlags: 0
  m_CorrespondingSourceObject: {fileID: 0}
  m_PrefabInstance: {fileID: 0}
  m_PrefabAsset: {fileID: 0}
  m_GameObject: {fileID: 1812520536310750609}
  m_LocalRotation: {x: 0.54108346, y: 0.016411439, z: 0.06251455, w: 0.83848155}
  m_LocalPosition: {x: -5.332548e-10, y: 0.15671511, z: 0.0000000032896343}
  m_LocalScale: {x: 1, y: 1, z: 1}
  m_Children:
  - {fileID: 1812520536310317491}
  m_Father: {fileID: 1812520536310317495}
  m_RootOrder: 0
  m_LocalEulerAnglesHint: {x: 64.8671, y: 12.948982, z: 16.777046}
--- !u!1 &1812520536310750611
GameObject:
  m_ObjectHideFlags: 0
  m_CorrespondingSourceObject: {fileID: 0}
  m_PrefabInstance: {fileID: 0}
  m_PrefabAsset: {fileID: 0}
  serializedVersion: 6
  m_Component:
  - component: {fileID: 1812520536310317491}
  m_Layer: 0
  m_Name: mixamorig:LeftHandIndex3
  m_TagString: Untagged
  m_Icon: {fileID: 0}
  m_NavMeshLayer: 0
  m_StaticEditorFlags: 0
  m_IsActive: 1
--- !u!4 &1812520536310317491
Transform:
  m_ObjectHideFlags: 0
  m_CorrespondingSourceObject: {fileID: 0}
  m_PrefabInstance: {fileID: 0}
  m_PrefabAsset: {fileID: 0}
  m_GameObject: {fileID: 1812520536310750611}
  m_LocalRotation: {x: 0.132674, y: -0.02420579, z: -0.032918993, w: 0.99031717}
  m_LocalPosition: {x: 0.0045815143, y: 0.13550133, z: -0.12334879}
  m_LocalScale: {x: 1, y: 1, z: 1}
  m_Children:
  - {fileID: 1812520536310317453}
  m_Father: {fileID: 1812520536310317489}
  m_RootOrder: 0
  m_LocalEulerAnglesHint: {x: 15.140388, y: -3.3661096, z: -4.2551985}
--- !u!1 &1812520536310750613
GameObject:
  m_ObjectHideFlags: 0
  m_CorrespondingSourceObject: {fileID: 0}
  m_PrefabInstance: {fileID: 0}
  m_PrefabAsset: {fileID: 0}
  serializedVersion: 6
  m_Component:
  - component: {fileID: 1812520536310317493}
  m_Layer: 0
  m_Name: mixamorig:LeftHand
  m_TagString: Untagged
  m_Icon: {fileID: 0}
  m_NavMeshLayer: 0
  m_StaticEditorFlags: 0
  m_IsActive: 1
--- !u!4 &1812520536310317493
Transform:
  m_ObjectHideFlags: 0
  m_CorrespondingSourceObject: {fileID: 0}
  m_PrefabInstance: {fileID: 0}
  m_PrefabAsset: {fileID: 0}
  m_GameObject: {fileID: 1812520536310750613}
  m_LocalRotation: {x: 0.252375, y: 0.15112653, z: 0.039320625, w: 0.95494586}
  m_LocalPosition: {x: -4.903776e-10, y: 2.418512, z: 0.0000000010542385}
  m_LocalScale: {x: 1, y: 1, z: 1}
  m_Children:
  - {fileID: 1812520536310317495}
  m_Father: {fileID: 1812520536310317499}
  m_RootOrder: 0
  m_LocalEulerAnglesHint: {x: 28.042326, y: 20.457693, z: 9.875913}
--- !u!1 &1812520536310750615
GameObject:
  m_ObjectHideFlags: 0
  m_CorrespondingSourceObject: {fileID: 0}
  m_PrefabInstance: {fileID: 0}
  m_PrefabAsset: {fileID: 0}
  serializedVersion: 6
  m_Component:
  - component: {fileID: 1812520536310317495}
  m_Layer: 0
  m_Name: mixamorig:LeftHandIndex1
  m_TagString: Untagged
  m_Icon: {fileID: 0}
  m_NavMeshLayer: 0
  m_StaticEditorFlags: 0
  m_IsActive: 1
--- !u!4 &1812520536310317495
Transform:
  m_ObjectHideFlags: 0
  m_CorrespondingSourceObject: {fileID: 0}
  m_PrefabInstance: {fileID: 0}
  m_PrefabAsset: {fileID: 0}
  m_GameObject: {fileID: 1812520536310750615}
  m_LocalRotation: {x: 0.34807852, y: 0.0017491332, z: 0.09067821, w: 0.933068}
  m_LocalPosition: {x: 4.8630253e-11, y: 0.17400435, z: 4.5364457e-10}
  m_LocalScale: {x: 1, y: 1, z: 1}
  m_Children:
  - {fileID: 1812520536310317489}
  m_Father: {fileID: 1812520536310317493}
  m_RootOrder: 0
  m_LocalEulerAnglesHint: {x: 41.102196, y: 5.197412, z: 13.239539}
--- !u!1 &1812520536310750617
GameObject:
  m_ObjectHideFlags: 0
  m_CorrespondingSourceObject: {fileID: 0}
  m_PrefabInstance: {fileID: 0}
  m_PrefabAsset: {fileID: 0}
  serializedVersion: 6
  m_Component:
  - component: {fileID: 1812520536310317497}
  m_Layer: 0
  m_Name: mixamorig:LeftFoot
  m_TagString: Untagged
  m_Icon: {fileID: 0}
  m_NavMeshLayer: 0
  m_StaticEditorFlags: 0
  m_IsActive: 1
--- !u!4 &1812520536310317497
Transform:
  m_ObjectHideFlags: 0
  m_CorrespondingSourceObject: {fileID: 0}
  m_PrefabInstance: {fileID: 0}
  m_PrefabAsset: {fileID: 0}
  m_GameObject: {fileID: 1812520536310750617}
  m_LocalRotation: {x: 0.6341366, y: 0.13352442, z: 0.023198506, w: 0.76125145}
  m_LocalPosition: {x: -9.169864e-10, y: 2.5162563, z: -0.0000000019669792}
  m_LocalScale: {x: 1, y: 1, z: 1}
  m_Children:
  - {fileID: 1812520536310317445}
  m_Father: {fileID: 1812520536310317455}
  m_RootOrder: 0
  m_LocalEulerAnglesHint: {x: 73.3856, y: 54.07552, z: 44.97809}
--- !u!1 &1812520536310750619
GameObject:
  m_ObjectHideFlags: 0
  m_CorrespondingSourceObject: {fileID: 0}
  m_PrefabInstance: {fileID: 0}
  m_PrefabAsset: {fileID: 0}
  serializedVersion: 6
  m_Component:
  - component: {fileID: 1812520536310317499}
  m_Layer: 0
  m_Name: mixamorig:LeftForeArm
  m_TagString: Untagged
  m_Icon: {fileID: 0}
  m_NavMeshLayer: 0
  m_StaticEditorFlags: 0
  m_IsActive: 1
--- !u!4 &1812520536310317499
Transform:
  m_ObjectHideFlags: 0
  m_CorrespondingSourceObject: {fileID: 0}
  m_PrefabInstance: {fileID: 0}
  m_PrefabAsset: {fileID: 0}
  m_GameObject: {fileID: 1812520536310750619}
  m_LocalRotation: {x: 0.03119722, y: -0.00009023579, z: -0.23486447, w: 0.9715274}
  m_LocalPosition: {x: -0.0000000010491242, y: 1.9143999, z: 0.0000000041449675}
  m_LocalScale: {x: 1, y: 1, z: 1}
  m_Children:
  - {fileID: 1812520536310317493}
  m_Father: {fileID: 1812520536310317503}
  m_RootOrder: 0
  m_LocalEulerAnglesHint: {x: 3.4728339, y: -0.8512541, z: -27.206541}
--- !u!1 &1812520536310750621
GameObject:
  m_ObjectHideFlags: 0
  m_CorrespondingSourceObject: {fileID: 0}
  m_PrefabInstance: {fileID: 0}
  m_PrefabAsset: {fileID: 0}
  serializedVersion: 6
  m_Component:
  - component: {fileID: 1812520536310317501}
  m_Layer: 0
  m_Name: mixamorig:Hips
  m_TagString: Untagged
  m_Icon: {fileID: 0}
  m_NavMeshLayer: 0
  m_StaticEditorFlags: 0
  m_IsActive: 1
--- !u!4 &1812520536310317501
Transform:
  m_ObjectHideFlags: 0
  m_CorrespondingSourceObject: {fileID: 0}
  m_PrefabInstance: {fileID: 0}
  m_PrefabAsset: {fileID: 0}
  m_GameObject: {fileID: 1812520536310750621}
  m_LocalRotation: {x: 0.07177616, y: 0.05158268, z: 0.004080191, w: 0.9960777}
  m_LocalPosition: {x: 0.19136944, y: 5.399883, z: -0.001393702}
  m_LocalScale: {x: 1, y: 1, z: 1}
  m_Children:
  - {fileID: 1812520536310317447}
  - {fileID: 1812520536310317547}
  - {fileID: 1812520536310317541}
  m_Father: {fileID: 558691346424689577}
  m_RootOrder: 0
  m_LocalEulerAnglesHint: {x: 8.195232, y: 5.9745507, z: 0.9071761}
--- !u!1 &1812520536310750623
GameObject:
  m_ObjectHideFlags: 0
  m_CorrespondingSourceObject: {fileID: 0}
  m_PrefabInstance: {fileID: 0}
  m_PrefabAsset: {fileID: 0}
  serializedVersion: 6
  m_Component:
  - component: {fileID: 1812520536310317503}
  m_Layer: 0
  m_Name: mixamorig:LeftArm
  m_TagString: Untagged
  m_Icon: {fileID: 0}
  m_NavMeshLayer: 0
  m_StaticEditorFlags: 0
  m_IsActive: 1
--- !u!4 &1812520536310317503
Transform:
  m_ObjectHideFlags: 0
  m_CorrespondingSourceObject: {fileID: 0}
  m_PrefabInstance: {fileID: 0}
  m_PrefabAsset: {fileID: 0}
  m_GameObject: {fileID: 1812520536310750623}
  m_LocalRotation: {x: 0.20894487, y: 0.06898177, z: -0.2122018, w: 0.9521313}
  m_LocalPosition: {x: 0.0000000028779026, y: 0.9911676, z: -0.000000021275754}
  m_LocalScale: {x: 1, y: 1, z: 1}
  m_Children:
  - {fileID: 1812520536310317499}
  m_Father: {fileID: 1812520536310317449}
  m_RootOrder: 0
  m_LocalEulerAnglesHint: {x: 25.287588, y: 2.7056653, z: -24.521328}
--- !u!1 &1812520536310750657
GameObject:
  m_ObjectHideFlags: 0
  m_CorrespondingSourceObject: {fileID: 0}
  m_PrefabInstance: {fileID: 0}
  m_PrefabAsset: {fileID: 0}
  serializedVersion: 6
  m_Component:
  - component: {fileID: 1812520536310317537}
  m_Layer: 0
  m_Name: mixamorig:Spine2
  m_TagString: Untagged
  m_Icon: {fileID: 0}
  m_NavMeshLayer: 0
  m_StaticEditorFlags: 0
  m_IsActive: 1
--- !u!4 &1812520536310317537
Transform:
  m_ObjectHideFlags: 0
  m_CorrespondingSourceObject: {fileID: 0}
  m_PrefabInstance: {fileID: 0}
  m_PrefabAsset: {fileID: 0}
  m_GameObject: {fileID: 1812520536310750657}
  m_LocalRotation: {x: 0.093643084, y: 0.023256453, z: -0.014349318, w: 0.99523073}
  m_LocalPosition: {x: -0, y: 0.8725609, z: -0.000000002148335}
  m_LocalScale: {x: 1, y: 1, z: 1}
  m_Children:
  - {fileID: 1812520536310317449}
  - {fileID: 1812520536310317441}
  - {fileID: 1812520536310317549}
  m_Father: {fileID: 1812520536310317543}
  m_RootOrder: 0
  m_LocalEulerAnglesHint: {x: 10.78181, y: 2.5440784, z: -1.4114583}
--- !u!1 &1812520536310750661
GameObject:
  m_ObjectHideFlags: 0
  m_CorrespondingSourceObject: {fileID: 0}
  m_PrefabInstance: {fileID: 0}
  m_PrefabAsset: {fileID: 0}
  serializedVersion: 6
  m_Component:
  - component: {fileID: 1812520536310317541}
  m_Layer: 0
  m_Name: mixamorig:Spine
  m_TagString: Untagged
  m_Icon: {fileID: 0}
  m_NavMeshLayer: 0
  m_StaticEditorFlags: 0
  m_IsActive: 1
--- !u!4 &1812520536310317541
Transform:
  m_ObjectHideFlags: 0
  m_CorrespondingSourceObject: {fileID: 0}
  m_PrefabInstance: {fileID: 0}
  m_PrefabAsset: {fileID: 0}
  m_GameObject: {fileID: 1812520536310750661}
  m_LocalRotation: {x: -0.018798636, y: 0.01383922, z: 0.04336191, w: 0.9987867}
  m_LocalPosition: {x: -0, y: 0.6506213, z: -0.0704195}
  m_LocalScale: {x: 1, y: 1, z: 1}
  m_Children:
  - {fileID: 1812520536310317543}
  m_Father: {fileID: 1812520536310317501}
  m_RootOrder: 2
  m_LocalEulerAnglesHint: {x: -2.218113, y: 1.5106566, z: 4.932972}
--- !u!1 &1812520536310750663
GameObject:
  m_ObjectHideFlags: 0
  m_CorrespondingSourceObject: {fileID: 0}
  m_PrefabInstance: {fileID: 0}
  m_PrefabAsset: {fileID: 0}
  serializedVersion: 6
  m_Component:
  - component: {fileID: 1812520536310317543}
  m_Layer: 0
  m_Name: mixamorig:Spine1
  m_TagString: Untagged
  m_Icon: {fileID: 0}
  m_NavMeshLayer: 0
  m_StaticEditorFlags: 0
  m_IsActive: 1
--- !u!4 &1812520536310317543
Transform:
  m_ObjectHideFlags: 0
  m_CorrespondingSourceObject: {fileID: 0}
  m_PrefabInstance: {fileID: 0}
  m_PrefabAsset: {fileID: 0}
  m_GameObject: {fileID: 1812520536310750663}
  m_LocalRotation: {x: 0.0936364, y: 0.023217447, z: -0.0144596575, w: 0.9952307}
  m_LocalPosition: {x: -0, y: 0.7634907, z: -1.5985278e-10}
  m_LocalScale: {x: 1, y: 1, z: 1}
  m_Children:
  - {fileID: 1812520536310317537}
  m_Father: {fileID: 1812520536310317541}
  m_RootOrder: 0
  m_LocalEulerAnglesHint: {x: 10.781305, y: 2.5382392, z: -1.4247544}
--- !u!1 &1812520536310750665
GameObject:
  m_ObjectHideFlags: 0
  m_CorrespondingSourceObject: {fileID: 0}
  m_PrefabInstance: {fileID: 0}
  m_PrefabAsset: {fileID: 0}
  serializedVersion: 6
  m_Component:
  - component: {fileID: 1812520536310317545}
  m_Layer: 0
  m_Name: mixamorig:RightToeBase
  m_TagString: Untagged
  m_Icon: {fileID: 0}
  m_NavMeshLayer: 0
  m_StaticEditorFlags: 0
  m_IsActive: 1
--- !u!4 &1812520536310317545
Transform:
  m_ObjectHideFlags: 0
  m_CorrespondingSourceObject: {fileID: 0}
  m_PrefabInstance: {fileID: 0}
  m_PrefabAsset: {fileID: 0}
  m_GameObject: {fileID: 1812520536310750665}
  m_LocalRotation: {x: 0.29673228, y: -0.020992689, z: 0.0065084607, w: 0.95470774}
  m_LocalPosition: {x: -0.000000009907674, y: 0.94064176, z: -0.000000051383836}
  m_LocalScale: {x: 1, y: 1, z: 1}
  m_Children:
  - {fileID: 1812520536310317551}
  m_Father: {fileID: 1812520536310317469}
  m_RootOrder: 0
  m_LocalEulerAnglesHint: {x: 34.53144, y: -2.519977, z: -0.0021600444}
--- !u!1 &1812520536310750667
GameObject:
  m_ObjectHideFlags: 0
  m_CorrespondingSourceObject: {fileID: 0}
  m_PrefabInstance: {fileID: 0}
  m_PrefabAsset: {fileID: 0}
  serializedVersion: 6
  m_Component:
  - component: {fileID: 1812520536310317547}
  m_Layer: 0
  m_Name: mixamorig:RightUpLeg
  m_TagString: Untagged
  m_Icon: {fileID: 0}
  m_NavMeshLayer: 0
  m_StaticEditorFlags: 0
  m_IsActive: 1
--- !u!4 &1812520536310317547
Transform:
  m_ObjectHideFlags: 0
  m_CorrespondingSourceObject: {fileID: 0}
  m_PrefabInstance: {fileID: 0}
  m_PrefabAsset: {fileID: 0}
  m_GameObject: {fileID: 1812520536310750667}
  m_LocalRotation: {x: 0.043623254, y: 0.39314342, z: 0.91736376, w: -0.0444859}
  m_LocalPosition: {x: 0.50340205, y: -0.3612689, z: 0.08125412}
  m_LocalScale: {x: 1, y: 1, z: 1}
  m_Children:
  - {fileID: 1812520536310317459}
  m_Father: {fileID: 1812520536310317501}
  m_RootOrder: 1
  m_LocalEulerAnglesHint: {x: -46.50986, y: 3.7667408, z: -176.0783}
--- !u!1 &1812520536310750669
GameObject:
  m_ObjectHideFlags: 0
  m_CorrespondingSourceObject: {fileID: 0}
  m_PrefabInstance: {fileID: 0}
  m_PrefabAsset: {fileID: 0}
  serializedVersion: 6
  m_Component:
  - component: {fileID: 1812520536310317549}
  m_Layer: 0
  m_Name: mixamorig:RightShoulder
  m_TagString: Untagged
  m_Icon: {fileID: 0}
  m_NavMeshLayer: 0
  m_StaticEditorFlags: 0
  m_IsActive: 1
--- !u!4 &1812520536310317549
Transform:
  m_ObjectHideFlags: 0
  m_CorrespondingSourceObject: {fileID: 0}
  m_PrefabInstance: {fileID: 0}
  m_PrefabAsset: {fileID: 0}
  m_GameObject: {fileID: 1812520536310750669}
  m_LocalRotation: {x: -0.5942492, y: -0.38353074, z: 0.6023347, w: -0.3700879}
  m_LocalPosition: {x: 0.49862316, y: 0.7707182, z: -0.016413966}
  m_LocalScale: {x: 1, y: 1, z: 1}
  m_Children:
  - {fileID: 1812520536310317443}
  m_Father: {fileID: 1812520536310317537}
  m_RootOrder: 2
  m_LocalEulerAnglesHint: {x: 64.4054, y: -90.060486, z: 178.67458}
--- !u!1 &1812520536310750671
GameObject:
  m_ObjectHideFlags: 0
  m_CorrespondingSourceObject: {fileID: 0}
  m_PrefabInstance: {fileID: 0}
  m_PrefabAsset: {fileID: 0}
  serializedVersion: 6
  m_Component:
  - component: {fileID: 1812520536310317551}
  m_Layer: 0
  m_Name: mixamorig:RightToe_End
  m_TagString: Untagged
  m_Icon: {fileID: 0}
  m_NavMeshLayer: 0
  m_StaticEditorFlags: 0
  m_IsActive: 1
--- !u!4 &1812520536310317551
Transform:
  m_ObjectHideFlags: 0
  m_CorrespondingSourceObject: {fileID: 0}
  m_PrefabInstance: {fileID: 0}
  m_PrefabAsset: {fileID: 0}
  m_GameObject: {fileID: 1812520536310750671}
  m_LocalRotation: {x: 0, y: -0, z: -0, w: 1}
  m_LocalPosition: {x: 0.0000000010559675, y: 0.4154887, z: -0.0000000014008299}
  m_LocalScale: {x: 1, y: 1, z: 1}
  m_Children: []
  m_Father: {fileID: 1812520536310317545}
  m_RootOrder: 0
  m_LocalEulerAnglesHint: {x: 0, y: 0, z: 0}
--- !u!1 &1812520536310750681
GameObject:
  m_ObjectHideFlags: 0
  m_CorrespondingSourceObject: {fileID: 0}
  m_PrefabInstance: {fileID: 0}
  m_PrefabAsset: {fileID: 0}
  serializedVersion: 6
  m_Component:
  - component: {fileID: 1812520536310317561}
  - component: {fileID: 1812520536299245725}
  m_Layer: 0
  m_Name: Sombrero
  m_TagString: Untagged
  m_Icon: {fileID: 0}
  m_NavMeshLayer: 0
  m_StaticEditorFlags: 0
  m_IsActive: 1
--- !u!4 &1812520536310317561
Transform:
  m_ObjectHideFlags: 0
  m_CorrespondingSourceObject: {fileID: 0}
  m_PrefabInstance: {fileID: 0}
  m_PrefabAsset: {fileID: 0}
  m_GameObject: {fileID: 1812520536310750681}
  m_LocalRotation: {x: -0.76209444, y: -1.2726317e-17, z: 1.2726319e-17, w: 0.6474659}
  m_LocalPosition: {x: 0, y: 11.864638, z: -0.109386526}
  m_LocalScale: {x: 79.534615, y: 79.53461, z: 79.53461}
  m_Children: []
  m_Father: {fileID: 558691346424689577}
  m_RootOrder: 1
  m_LocalEulerAnglesHint: {x: 0, y: 0, z: 0}
--- !u!137 &1812520536299245725
SkinnedMeshRenderer:
  m_ObjectHideFlags: 0
  m_CorrespondingSourceObject: {fileID: 0}
  m_PrefabInstance: {fileID: 0}
  m_PrefabAsset: {fileID: 0}
  m_GameObject: {fileID: 1812520536310750681}
  m_Enabled: 1
  m_CastShadows: 1
  m_ReceiveShadows: 1
  m_DynamicOccludee: 1
  m_MotionVectors: 1
  m_LightProbeUsage: 1
  m_ReflectionProbeUsage: 1
  m_RenderingLayerMask: 1
  m_RendererPriority: 0
  m_Materials:
  - {fileID: 2100000, guid: a9777ff17e13ff440a374381b83997f3, type: 2}
  m_StaticBatchInfo:
    firstSubMesh: 0
    subMeshCount: 0
  m_StaticBatchRoot: {fileID: 0}
  m_ProbeAnchor: {fileID: 0}
  m_LightProbeVolumeOverride: {fileID: 0}
  m_ScaleInLightmap: 1
  m_PreserveUVs: 0
  m_IgnoreNormalsForChartDetection: 0
  m_ImportantGI: 0
  m_StitchLightmapSeams: 0
  m_SelectedEditorRenderState: 3
  m_MinimumChartSize: 4
  m_AutoUVMaxDistance: 0.5
  m_AutoUVMaxAngle: 89
  m_LightmapParameters: {fileID: 0}
  m_SortingLayerID: 0
  m_SortingLayer: 0
  m_SortingOrder: 0
  serializedVersion: 2
  m_Quality: 0
  m_UpdateWhenOffscreen: 0
  m_SkinnedMotionVectors: 1
  m_Mesh: {fileID: 4300000, guid: a0c317d25f7db924ba3821617e10fe36, type: 3}
  m_Bones:
  - {fileID: 1812520536310317473}
  m_BlendShapeWeights: []
  m_RootBone: {fileID: 1812520536310317473}
  m_AABB:
    m_Center: {x: 0.012988448, y: 1.2864537, z: -0.0067669153}
    m_Extent: {x: 1.6900941, y: 0.7530603, z: 1.667887}
  m_DirtyAABB: 0
--- !u!1 &1812520536310750689
GameObject:
  m_ObjectHideFlags: 0
  m_CorrespondingSourceObject: {fileID: 0}
  m_PrefabInstance: {fileID: 0}
  m_PrefabAsset: {fileID: 0}
  serializedVersion: 6
  m_Component:
  - component: {fileID: 1812520536310317441}
  m_Layer: 0
  m_Name: mixamorig:Neck
  m_TagString: Untagged
  m_Icon: {fileID: 0}
  m_NavMeshLayer: 0
  m_StaticEditorFlags: 0
  m_IsActive: 1
--- !u!4 &1812520536310317441
Transform:
  m_ObjectHideFlags: 0
  m_CorrespondingSourceObject: {fileID: 0}
  m_PrefabInstance: {fileID: 0}
  m_PrefabAsset: {fileID: 0}
  m_GameObject: {fileID: 1812520536310750689}
  m_LocalRotation: {x: 0.016377289, y: -0.01745655, z: -0.008258713, w: 0.9996794}
  m_LocalPosition: {x: -0, y: 0.98163044, z: 0.000000026632847}
  m_LocalScale: {x: 1, y: 1, z: 1}
  m_Children:
  - {fileID: 1812520536310317473}
  m_Father: {fileID: 1812520536310317537}
  m_RootOrder: 1
  m_LocalEulerAnglesHint: {x: 1.8599325, y: -2.0167089, z: -0.9793986}
--- !u!1 &1812520536310750691
GameObject:
  m_ObjectHideFlags: 0
  m_CorrespondingSourceObject: {fileID: 0}
  m_PrefabInstance: {fileID: 0}
  m_PrefabAsset: {fileID: 0}
  serializedVersion: 6
  m_Component:
  - component: {fileID: 1812520536310317443}
  m_Layer: 0
  m_Name: mixamorig:RightArm
  m_TagString: Untagged
  m_Icon: {fileID: 0}
  m_NavMeshLayer: 0
  m_StaticEditorFlags: 0
  m_IsActive: 1
--- !u!4 &1812520536310317443
Transform:
  m_ObjectHideFlags: 0
  m_CorrespondingSourceObject: {fileID: 0}
  m_PrefabInstance: {fileID: 0}
  m_PrefabAsset: {fileID: 0}
  m_GameObject: {fileID: 1812520536310750691}
  m_LocalRotation: {x: 0.23178624, y: -0.036691543, z: 0.2228357, w: 0.94618875}
  m_LocalPosition: {x: -0.0000000015179605, y: 0.9911676, z: -0.000000021433847}
  m_LocalScale: {x: 1, y: 1, z: 1}
  m_Children:
  - {fileID: 1812520536310317471}
  m_Father: {fileID: 1812520536310317549}
  m_RootOrder: 0
  m_LocalEulerAnglesHint: {x: 27.063625, y: 2.1795022, z: 27.02893}
--- !u!1 &1812520536310750693
GameObject:
  m_ObjectHideFlags: 0
  m_CorrespondingSourceObject: {fileID: 0}
  m_PrefabInstance: {fileID: 0}
  m_PrefabAsset: {fileID: 0}
  serializedVersion: 6
  m_Component:
  - component: {fileID: 1812520536310317445}
  m_Layer: 0
  m_Name: mixamorig:LeftToeBase
  m_TagString: Untagged
  m_Icon: {fileID: 0}
  m_NavMeshLayer: 0
  m_StaticEditorFlags: 0
  m_IsActive: 1
--- !u!4 &1812520536310317445
Transform:
  m_ObjectHideFlags: 0
  m_CorrespondingSourceObject: {fileID: 0}
  m_PrefabInstance: {fileID: 0}
  m_PrefabAsset: {fileID: 0}
  m_GameObject: {fileID: 1812520536310750693}
  m_LocalRotation: {x: 0.28587168, y: 0.0000075490784, z: 0.0000035775815, w: 0.9582679}
  m_LocalPosition: {x: 9.803519e-10, y: 0.968635, z: -0.000000025922}
  m_LocalScale: {x: 1, y: 1, z: 1}
  m_Children:
  - {fileID: 1812520536310317451}
  m_Father: {fileID: 1812520536310317497}
  m_RootOrder: 0
  m_LocalEulerAnglesHint: {x: 33.221924, y: 0.0011330508, z: 0.0007664593}
--- !u!1 &1812520536310750695
GameObject:
  m_ObjectHideFlags: 0
  m_CorrespondingSourceObject: {fileID: 0}
  m_PrefabInstance: {fileID: 0}
  m_PrefabAsset: {fileID: 0}
  serializedVersion: 6
  m_Component:
  - component: {fileID: 1812520536310317447}
  m_Layer: 0
  m_Name: mixamorig:LeftUpLeg
  m_TagString: Untagged
  m_Icon: {fileID: 0}
  m_NavMeshLayer: 0
  m_StaticEditorFlags: 0
  m_IsActive: 1
--- !u!4 &1812520536310317447
Transform:
  m_ObjectHideFlags: 0
  m_CorrespondingSourceObject: {fileID: 0}
  m_PrefabInstance: {fileID: 0}
  m_PrefabAsset: {fileID: 0}
  m_GameObject: {fileID: 1812520536310750695}
  m_LocalRotation: {x: -0.07539059, y: 0.27790186, z: 0.95600516, w: 0.056044243}
  m_LocalPosition: {x: -0.50340205, y: -0.3612689, z: -0.15875266}
  m_LocalScale: {x: 1, y: 1, z: 1}
  m_Children:
  - {fileID: 1812520536310317455}
  m_Father: {fileID: 1812520536310317501}
  m_RootOrder: 0
  m_LocalEulerAnglesHint: {x: -33.22815, y: -7.639029, z: 175.55502}
--- !u!1 &1812520536310750697
GameObject:
  m_ObjectHideFlags: 0
  m_CorrespondingSourceObject: {fileID: 0}
  m_PrefabInstance: {fileID: 0}
  m_PrefabAsset: {fileID: 0}
  serializedVersion: 6
  m_Component:
  - component: {fileID: 1812520536310317449}
  m_Layer: 0
  m_Name: mixamorig:LeftShoulder
  m_TagString: Untagged
  m_Icon: {fileID: 0}
  m_NavMeshLayer: 0
  m_StaticEditorFlags: 0
  m_IsActive: 1
--- !u!4 &1812520536310317449
Transform:
  m_ObjectHideFlags: 0
  m_CorrespondingSourceObject: {fileID: 0}
  m_PrefabInstance: {fileID: 0}
  m_PrefabAsset: {fileID: 0}
  m_GameObject: {fileID: 1812520536310750697}
  m_LocalRotation: {x: 0.61433756, y: -0.36413482, z: 0.60737944, w: 0.34797335}
  m_LocalPosition: {x: -0.49862316, y: 0.7720906, z: -0.02909336}
  m_LocalScale: {x: 1, y: 1, z: 1}
  m_Children:
  - {fileID: 1812520536310317503}
  m_Father: {fileID: 1812520536310317537}
  m_RootOrder: 0
  m_LocalEulerAnglesHint: {x: 60.444916, y: 92.32489, z: -177.12971}
--- !u!1 &1812520536310750699
GameObject:
  m_ObjectHideFlags: 0
  m_CorrespondingSourceObject: {fileID: 0}
  m_PrefabInstance: {fileID: 0}
  m_PrefabAsset: {fileID: 0}
  serializedVersion: 6
  m_Component:
  - component: {fileID: 1812520536310317451}
  m_Layer: 0
  m_Name: mixamorig:LeftToe_End
  m_TagString: Untagged
  m_Icon: {fileID: 0}
  m_NavMeshLayer: 0
  m_StaticEditorFlags: 0
  m_IsActive: 1
--- !u!4 &1812520536310317451
Transform:
  m_ObjectHideFlags: 0
  m_CorrespondingSourceObject: {fileID: 0}
  m_PrefabInstance: {fileID: 0}
  m_PrefabAsset: {fileID: 0}
  m_GameObject: {fileID: 1812520536310750699}
  m_LocalRotation: {x: 0, y: -0, z: -0, w: 1}
  m_LocalPosition: {x: 0.0000000021450877, y: 0.41713598, z: -0.0000000012183158}
  m_LocalScale: {x: 1, y: 1, z: 1}
  m_Children: []
  m_Father: {fileID: 1812520536310317445}
  m_RootOrder: 0
  m_LocalEulerAnglesHint: {x: 0, y: 0, z: 0}
--- !u!1 &1812520536310750701
GameObject:
  m_ObjectHideFlags: 0
  m_CorrespondingSourceObject: {fileID: 0}
  m_PrefabInstance: {fileID: 0}
  m_PrefabAsset: {fileID: 0}
  serializedVersion: 6
  m_Component:
  - component: {fileID: 1812520536310317453}
  m_Layer: 0
  m_Name: mixamorig:LeftHandIndex4
  m_TagString: Untagged
  m_Icon: {fileID: 0}
  m_NavMeshLayer: 0
  m_StaticEditorFlags: 0
  m_IsActive: 1
--- !u!4 &1812520536310317453
Transform:
  m_ObjectHideFlags: 0
  m_CorrespondingSourceObject: {fileID: 0}
  m_PrefabInstance: {fileID: 0}
  m_PrefabAsset: {fileID: 0}
  m_GameObject: {fileID: 1812520536310750701}
  m_LocalRotation: {x: 0, y: -0, z: -0, w: 1}
  m_LocalPosition: {x: -0.013258544, y: 0.08488561, z: -0.08761719}
  m_LocalScale: {x: 1, y: 1, z: 1}
  m_Children: []
  m_Father: {fileID: 1812520536310317491}
  m_RootOrder: 0
  m_LocalEulerAnglesHint: {x: 0, y: 0, z: 0}
--- !u!1 &1812520536310750703
GameObject:
  m_ObjectHideFlags: 0
  m_CorrespondingSourceObject: {fileID: 0}
  m_PrefabInstance: {fileID: 0}
  m_PrefabAsset: {fileID: 0}
  serializedVersion: 6
  m_Component:
  - component: {fileID: 1812520536310317455}
  m_Layer: 0
  m_Name: mixamorig:LeftLeg
  m_TagString: Untagged
  m_Icon: {fileID: 0}
  m_NavMeshLayer: 0
  m_StaticEditorFlags: 0
  m_IsActive: 1
--- !u!4 &1812520536310317455
Transform:
  m_ObjectHideFlags: 0
  m_CorrespondingSourceObject: {fileID: 0}
  m_PrefabInstance: {fileID: 0}
  m_PrefabAsset: {fileID: 0}
  m_GameObject: {fileID: 1812520536310750703}
  m_LocalRotation: {x: -0.4436366, y: 0.05708951, z: -0.011635424, w: 0.8943109}
  m_LocalPosition: {x: -7.2741785e-10, y: 2.4027753, z: -0.0000000046913997}
  m_LocalScale: {x: 1, y: 1, z: 1}
  m_Children:
  - {fileID: 1812520536310317497}
  m_Father: {fileID: 1812520536310317447}
  m_RootOrder: 0
  m_LocalEulerAnglesHint: {x: -52.476116, y: 10.719414, z: -6.826178}
--- !u!1 &1812520536310750705
GameObject:
  m_ObjectHideFlags: 0
  m_CorrespondingSourceObject: {fileID: 0}
  m_PrefabInstance: {fileID: 0}
  m_PrefabAsset: {fileID: 0}
  serializedVersion: 6
  m_Component:
  - component: {fileID: 1812520536310317457}
  m_Layer: 0
  m_Name: mixamorig:RightHandIndex4
  m_TagString: Untagged
  m_Icon: {fileID: 0}
  m_NavMeshLayer: 0
  m_StaticEditorFlags: 0
  m_IsActive: 1
--- !u!4 &1812520536310317457
Transform:
  m_ObjectHideFlags: 0
  m_CorrespondingSourceObject: {fileID: 0}
  m_PrefabInstance: {fileID: 0}
  m_PrefabAsset: {fileID: 0}
  m_GameObject: {fileID: 1812520536310750705}
  m_LocalRotation: {x: 0, y: -0, z: -0, w: 1}
  m_LocalPosition: {x: -0.024868067, y: 0.10583976, z: -0.04896258}
  m_LocalScale: {x: 1, y: 1, z: 1}
  m_Children: []
  m_Father: {fileID: 1812520536310317463}
  m_RootOrder: 0
  m_LocalEulerAnglesHint: {x: 0, y: 0, z: 0}
--- !u!1 &1812520536310750707
GameObject:
  m_ObjectHideFlags: 0
  m_CorrespondingSourceObject: {fileID: 0}
  m_PrefabInstance: {fileID: 0}
  m_PrefabAsset: {fileID: 0}
  serializedVersion: 6
  m_Component:
  - component: {fileID: 1812520536310317459}
  m_Layer: 0
  m_Name: mixamorig:RightLeg
  m_TagString: Untagged
  m_Icon: {fileID: 0}
  m_NavMeshLayer: 0
  m_StaticEditorFlags: 0
  m_IsActive: 1
--- !u!4 &1812520536310317459
Transform:
  m_ObjectHideFlags: 0
  m_CorrespondingSourceObject: {fileID: 0}
  m_PrefabInstance: {fileID: 0}
  m_PrefabAsset: {fileID: 0}
  m_GameObject: {fileID: 1812520536310750707}
  m_LocalRotation: {x: -0.6703116, y: -0.045468938, z: 0.017347185, w: 0.7404823}
  m_LocalPosition: {x: -0.0000000028456308, y: 2.4559813, z: 0.000000013872156}
  m_LocalScale: {x: 1, y: 1, z: 1}
  m_Children:
  - {fileID: 1812520536310317469}
  m_Father: {fileID: 1812520536310317547}
  m_RootOrder: 0
  m_LocalEulerAnglesHint: {x: -82.35622, y: -43.103172, z: 40.81876}
--- !u!1 &1812520536310750709
GameObject:
  m_ObjectHideFlags: 0
  m_CorrespondingSourceObject: {fileID: 0}
  m_PrefabInstance: {fileID: 0}
  m_PrefabAsset: {fileID: 0}
  serializedVersion: 6
  m_Component:
  - component: {fileID: 1812520536310317461}
  m_Layer: 0
  m_Name: mixamorig:RightHandIndex2
  m_TagString: Untagged
  m_Icon: {fileID: 0}
  m_NavMeshLayer: 0
  m_StaticEditorFlags: 0
  m_IsActive: 1
--- !u!4 &1812520536310317461
Transform:
  m_ObjectHideFlags: 0
  m_CorrespondingSourceObject: {fileID: 0}
  m_PrefabInstance: {fileID: 0}
  m_PrefabAsset: {fileID: 0}
  m_GameObject: {fileID: 1812520536310750709}
  m_LocalRotation: {x: 0.39205885, y: -0.023669219, z: 0.02901085, w: 0.91917795}
  m_LocalPosition: {x: 0.000000002669503, y: 0.13451211, z: 0.0000000031353204}
  m_LocalScale: {x: 1, y: 1, z: 1}
  m_Children:
  - {fileID: 1812520536310317463}
  m_Father: {fileID: 1812520536310317467}
  m_RootOrder: 0
  m_LocalEulerAnglesHint: {x: 46.229565, y: -1.7200862, z: 2.881276}
--- !u!1 &1812520536310750711
GameObject:
  m_ObjectHideFlags: 0
  m_CorrespondingSourceObject: {fileID: 0}
  m_PrefabInstance: {fileID: 0}
  m_PrefabAsset: {fileID: 0}
  serializedVersion: 6
  m_Component:
  - component: {fileID: 1812520536310317463}
  m_Layer: 0
  m_Name: mixamorig:RightHandIndex3
  m_TagString: Untagged
  m_Icon: {fileID: 0}
  m_NavMeshLayer: 0
  m_StaticEditorFlags: 0
  m_IsActive: 1
--- !u!4 &1812520536310317463
Transform:
  m_ObjectHideFlags: 0
  m_CorrespondingSourceObject: {fileID: 0}
  m_PrefabInstance: {fileID: 0}
  m_PrefabAsset: {fileID: 0}
  m_GameObject: {fileID: 1812520536310750711}
  m_LocalRotation: {x: 0.07886299, y: -0.08457756, z: -0.1839787, w: 0.9761041}
  m_LocalPosition: {x: 0.025070312, y: 0.15260822, z: -0.07430743}
  m_LocalScale: {x: 1, y: 1, z: 1}
  m_Children:
  - {fileID: 1812520536310317457}
  m_Father: {fileID: 1812520536310317461}
  m_RootOrder: 0
  m_LocalEulerAnglesHint: {x: 7.055808, y: -11.280504, z: -22.04579}
--- !u!1 &1812520536310750713
GameObject:
  m_ObjectHideFlags: 0
  m_CorrespondingSourceObject: {fileID: 0}
  m_PrefabInstance: {fileID: 0}
  m_PrefabAsset: {fileID: 0}
  serializedVersion: 6
  m_Component:
  - component: {fileID: 1812520536310317465}
  m_Layer: 0
  m_Name: mixamorig:RightHand
  m_TagString: Untagged
  m_Icon: {fileID: 0}
  m_NavMeshLayer: 0
  m_StaticEditorFlags: 0
  m_IsActive: 1
--- !u!4 &1812520536310317465
Transform:
  m_ObjectHideFlags: 0
  m_CorrespondingSourceObject: {fileID: 0}
  m_PrefabInstance: {fileID: 0}
  m_PrefabAsset: {fileID: 0}
  m_GameObject: {fileID: 1812520536310750713}
  m_LocalRotation: {x: 0.2118356, y: -0.11879657, z: 0.046006326, w: 0.9689667}
  m_LocalPosition: {x: -2.3170414e-10, y: 2.418507, z: 5.5516236e-10}
  m_LocalScale: {x: 1, y: 1, z: 1}
  m_Children:
  - {fileID: 1812520536310317467}
  m_Father: {fileID: 1812520536310317471}
  m_RootOrder: 0
  m_LocalEulerAnglesHint: {x: 24.926466, y: -13.436887, z: 2.453834}
--- !u!1 &1812520536310750715
GameObject:
  m_ObjectHideFlags: 0
  m_CorrespondingSourceObject: {fileID: 0}
  m_PrefabInstance: {fileID: 0}
  m_PrefabAsset: {fileID: 0}
  serializedVersion: 6
  m_Component:
  - component: {fileID: 1812520536310317467}
  m_Layer: 0
  m_Name: mixamorig:RightHandIndex1
  m_TagString: Untagged
  m_Icon: {fileID: 0}
  m_NavMeshLayer: 0
  m_StaticEditorFlags: 0
  m_IsActive: 1
--- !u!4 &1812520536310317467
Transform:
  m_ObjectHideFlags: 0
  m_CorrespondingSourceObject: {fileID: 0}
  m_PrefabInstance: {fileID: 0}
  m_PrefabAsset: {fileID: 0}
  m_GameObject: {fileID: 1812520536310750715}
  m_LocalRotation: {x: 0.21785733, y: -0.009823811, z: -0.05414167, w: 0.97442824}
  m_LocalPosition: {x: 1.0731412e-10, y: 0.23585635, z: 4.0345186e-11}
  m_LocalScale: {x: 1, y: 1, z: 1}
  m_Children:
  - {fileID: 1812520536310317461}
  m_Father: {fileID: 1812520536310317465}
  m_RootOrder: 0
  m_LocalEulerAnglesHint: {x: 25.056301, y: -2.7039177, z: -6.961388}
--- !u!1 &1812520536310750717
GameObject:
  m_ObjectHideFlags: 0
  m_CorrespondingSourceObject: {fileID: 0}
  m_PrefabInstance: {fileID: 0}
  m_PrefabAsset: {fileID: 0}
  serializedVersion: 6
  m_Component:
  - component: {fileID: 1812520536310317469}
  m_Layer: 0
  m_Name: mixamorig:RightFoot
  m_TagString: Untagged
  m_Icon: {fileID: 0}
  m_NavMeshLayer: 0
  m_StaticEditorFlags: 0
  m_IsActive: 1
--- !u!4 &1812520536310317469
Transform:
  m_ObjectHideFlags: 0
  m_CorrespondingSourceObject: {fileID: 0}
  m_PrefabInstance: {fileID: 0}
  m_PrefabAsset: {fileID: 0}
  m_GameObject: {fileID: 1812520536310750717}
  m_LocalRotation: {x: 0.60537696, y: -0.041313123, z: 0.010214712, w: 0.7948004}
  m_LocalPosition: {x: 0.000000005407613, y: 2.6259012, z: 0.00000006193105}
  m_LocalScale: {x: 1, y: 1, z: 1}
  m_Children:
  - {fileID: 1812520536310317545}
  m_Father: {fileID: 1812520536310317459}
  m_RootOrder: 0
  m_LocalEulerAnglesHint: {x: 74.37508, y: -11.431979, z: -7.2178283}
--- !u!1 &1812520536310750719
GameObject:
  m_ObjectHideFlags: 0
  m_CorrespondingSourceObject: {fileID: 0}
  m_PrefabInstance: {fileID: 0}
  m_PrefabAsset: {fileID: 0}
  serializedVersion: 6
  m_Component:
  - component: {fileID: 1812520536310317471}
  m_Layer: 0
  m_Name: mixamorig:RightForeArm
  m_TagString: Untagged
  m_Icon: {fileID: 0}
  m_NavMeshLayer: 0
  m_StaticEditorFlags: 0
  m_IsActive: 1
--- !u!4 &1812520536310317471
Transform:
  m_ObjectHideFlags: 0
  m_CorrespondingSourceObject: {fileID: 0}
  m_PrefabInstance: {fileID: 0}
  m_PrefabAsset: {fileID: 0}
  m_GameObject: {fileID: 1812520536310750719}
  m_LocalRotation: {x: 0.04467023, y: -0.0003120256, z: 0.39707953, w: 0.9166964}
  m_LocalPosition: {x: -3.3138461e-10, y: 1.914853, z: -4.2940426e-10}
  m_LocalScale: {x: 1, y: 1, z: 1}
  m_Children:
  - {fileID: 1812520536310317465}
  m_Father: {fileID: 1812520536310317443}
  m_RootOrder: 0
  m_LocalEulerAnglesHint: {x: 4.711905, y: 2.0069883, z: 46.92356}
--- !u!1 &8263267523210964671
GameObject:
  m_ObjectHideFlags: 0
  m_CorrespondingSourceObject: {fileID: 0}
  m_PrefabInstance: {fileID: 0}
  m_PrefabAsset: {fileID: 0}
  serializedVersion: 6
  m_Component:
  - component: {fileID: 558691346424689577}
  m_Layer: 0
  m_Name: Sombrero 1
  m_TagString: Untagged
  m_Icon: {fileID: 0}
  m_NavMeshLayer: 0
  m_StaticEditorFlags: 0
  m_IsActive: 1
--- !u!4 &558691346424689577
Transform:
  m_ObjectHideFlags: 0
  m_CorrespondingSourceObject: {fileID: 0}
  m_PrefabInstance: {fileID: 0}
  m_PrefabAsset: {fileID: 0}
  m_GameObject: {fileID: 8263267523210964671}
  m_LocalRotation: {x: 0, y: 0, z: 0, w: 1}
  m_LocalPosition: {x: 0, y: 0, z: 0}
  m_LocalScale: {x: 1, y: 1, z: 1}
  m_Children:
  - {fileID: 1812520536310317501}
  - {fileID: 1812520536310317561}
  m_Father: {fileID: 0}
  m_RootOrder: 0
  m_LocalEulerAnglesHint: {x: 0, y: 0, z: 0}
